
@misc{nakamoto2008bitcoin,
  title={Bitcoin: a peer-to-peer electronic cash system (2008)},
  author={Nakamoto, Satoshi and others},
  year={2008}
}

@article{zhang2017iot,
  title={The IoT electric business model: Using blockchain technology for the internet of things},
  author={Zhang, Yu and Wen, Jiangtao},
  journal={Peer-to-Peer Networking and Applications},
  volume={10},
  number={4},
  pages={983--994},
  year={2017},
  publisher={Springer}
}

@article{tai2016electricity,
  title={Electricity transactions and congestion management based on blockchain in energy internet},
  author={Tai, Xue and Sun, Hongbin and Guo, Qinglai},
  journal={Power Syst. Technol},
  volume={40},
  pages={3630--3638},
  year={2016}
}

@online{thuthesis,
  author =      {薛瑞尼},
  title =       {ThuThesis: 清华大学学位论文模板},
  urldate =     {2019-04-27},
  url =         {https://github.com/xueruini/thuthesis},
  year =        2017,
}
